b@misc{mortenjensen,
    author={Hjorth-Jensen, Morten},
    title={Computaional Physics Lectures: Linear Algebra methods},
    year=2017,
    howpublished="\url{https://compphysics.github.io/ComputationalPhysics/doc/pub/linalg/html/linalg.html}"
}
b@misc{taut,
    author={Taut, M},
    title={Two electrons in an external oscillator potential: Particular analytic solutions of a Coulomb correlation problem},
    year=1993,
    howpublished="\url{https://journals.aps.org/pra/abstract/10.1103/PhysRevA.48.3561}"
}
b@misc{project2,
    author={Hjorth-Jensen, Morten},
    title={Project 2 - 2017 Computational Physics},
    year=2017,
    howpublished="\url{http://compphysics.github.io/ComputationalPhysics/doc/Projects/2017/Project2/pdf/Project2.pdf}"
}
