b@misc{mortenjensen,
    author={Hjorth-Jensen, Morten},
    title={Computaional Physics Lectures: Linear Algebra methods},
    year=2017,
    howpublished="\url{https://compphysics.github.io/ComputationalPhysics/doc/pub/linalg/html/linalg.html}"
}
b@misc{project3,
    author={Hjorth-Jensen, Morten},
    title={Project 3 - 2017 Computational Physics},
    year=2017,
    howpublished="\url{http://compphysics.github.io/ComputationalPhysics/doc/Projects/2017/Project3/pdf/Project3.pdf}"
}
b@misc{nasa,
    author={Jet Propulsion Laboratory, Caltech},
    year=2017,
    title={HORIZONS Web-Interface},
    howpublished="\url{https://ssd.jpl.nasa.gov/horizons.cgi}"
}
