b@misc{mortenjensen,
    author={Hjorth-Jensen, Morten},
    title={Computaional Physics Lecture Notes},
    year=2017,
    howpublished="\url{https://github.com/CompPhysics/ComputationalPhysics/blob/master/doc/Lectures/lectures2015.pdf}"
}
b@misc{project5,
    author={Hjorth-Jensen, Morten},
    title={Project 5 - 2017 Computational Physics},
    year=2017,
    howpublished="\url{http://compphysics.github.io/ComputationalPhysics/doc/Projects/2017/Project5/DiffusionEquation/pdf/DiffusionEquation.pdf}"
}
