b@misc{mortenjensen,
    author={Hjorth-Jensen, Morten},
    title={Computaional Physics Lectures},
    year=2017,
    howpublished="\url{https://github.com/CompPhysics/ComputationalPhysics/blob/master/doc/Lectures/lectures2015.pdf}"
}
b@misc{project3,
    author={Hjorth-Jensen, Morten},
    title={Project 4 - 2017 Computational Physics},
    year=2017,
    howpublished="\url{http://compphysics.github.io/ComputationalPhysics/doc/Projects/2017/Project4/pdf/Project4.pdf}"
}
